@manual{ 1,
note = "\url{https://www.tutorialspoint.com/python/python_strings.htm}",
}

@manual{ 2,
note = "\url{https://www.tutorialspoint.com/git/git_basic_concepts.htm}",
}

@manual{ 3,
note = "\url{https://www.atlassian.com/git/tutorials}",
}



